@INBOOK{Raikar2022,
  title     = "puzzle",
  booktitle = "Encyclopedia Britannica",
  author    = "Raikar, Sanat Pai",
  month     =  nov,
  year      =  2022
}

@misc{ web:puzzle,
    author = "{Wikipedia contributors}",
    title = "パズル --- {Wikipedia}",
    year = "2022",
		howpublished = "\url{https://ja.wikipedia.org/w/index.php?title=\%E3\%83\%91\%E3\%82\%BA\%E3\%83\%AB&oldid=92144445}",
  }

@misc{web:SlitherLink,
	author       = "{株式会社ニコリ}",
	howpublished = "{\url{https://www.nikoli.co.jp/ja/puzzles/slitherlink/}}",
	title        = "{スリザーリンク}"
}

@misc{web:Sikakunikire,
	author       = "{株式会社ニコリ}",
	howpublished = "{\url{https://www.nikoli.co.jp/ja/iphone/sk_tutorial/}}",
	title        = "{四角に切れ}"
}

@misc{web:Sudoku,
	author       = "{株式会社ニコリ}",
	howpublished = "{\url{https://www.nikoli.co.jp/ja/puzzles/sudoku/}}",
	title        = "{数独}",
	note = "[Online; accessed 23-December-2022]"
}

@inbook{Fujiwara2022,
	author         = "{藤原博文}",
	chapter        = "{パズルと数学}",
	pages          = "{20-25}",
	publisher      = "{日本評論社}",
	booktitle      = "{数学セミナー 2022年2月号}",
	title          = "{数独(ナンバープレイス)の自動生成とヒント数}",
	year           = "{2022}"
}
