@article{beilinson1987height,
  title={Height pairing between algebraic cycles},
  author={Beilinson, A.},
  journal={K-theory, Arithmetic and Geometry},
  pages={1--26},
  year={1987},
  publisher={Springer}
}

@article{bergeron2017hodge,
  title={Hodge type theorems for arithmetic manifolds associated to orthogonal groups},
  author={Bergeron, N. and Millson, J. and Moeglin, C.},
  journal={International Mathematics Research Notices},
  volume={2017},
  number={15},
  pages={4495--4624},
  year={2017},
  publisher={Oxford University Press}
}

@book{borel2000continuous,
  title={Continuous cohomology, discrete subgroups, and representations of reductive groups},
  author={Borel, A. and Wallach, N.},
  number={67},
  year={2000},
  publisher={American Mathematical Soc.}
}

@article {borcherds1998automorphic,
    AUTHOR = {Borcherds, R.},
     TITLE = {Automorphic forms with singularities on {G}rassmannians},
   JOURNAL = {Invent. Math.},
  FJOURNAL = {Inventiones Mathematicae},
    VOLUME = {132},
      YEAR = {1998},
    NUMBER = {3},
     PAGES = {491--562}
}

@article {borcherds1999gross,
    AUTHOR = {Borcherds, R.},
     TITLE = {The {G}ross-{K}ohnen-{Z}agier theorem in higher dimensions},
   JOURNAL = {Duke Math. J.},
  FJOURNAL = {Duke Mathematical Journal},
    VOLUME = {97},
      YEAR = {1999},
    NUMBER = {2},
     PAGES = {219--233},
      ISSN = {0012-7094},
   MRCLASS = {11F55 (11F30 11F50 11G18)},
MRREVIEWER = {Rainer Schulze-Pillot},
       DOI = {10.1215/S0012-7094-99-09710-7},
       URL = {https://doi.org/10.1215/S0012-7094-99-09710-7},
}

@article {bruinier2015kudla,
    AUTHOR = {Bruinier, J. and Westerholt-Raum, M.},
     TITLE = {Kudla's modularity conjecture and formal {F}ourier-{J}acobi
              series},
   JOURNAL = {Forum Math. Pi},
  FJOURNAL = {Forum of Mathematics. Pi},
    VOLUME = {3},
      YEAR = {2015},
     PAGES = {e7, 30pp},
   MRCLASS = {11F46 (14C25)},
MRREVIEWER = {Haigang Zhou},
       DOI = {10.1017/fmp.2015.6},
       URL = {https://doi.org/10.1017/fmp.2015.6},
}

@article {gorodnik2008manin,
    AUTHOR = {Gorodnik, A. and Maucourant, F. and Oh, H.},
     TITLE = {Manin's and {P}eyre's conjectures on rational points and
              adelic mixing},
   JOURNAL = {Ann. Sci. \'{E}c. Norm. Sup\'{e}r. (4)},
  FJOURNAL = {Annales Scientifiques de l'\'{E}cole Normale Sup\'{e}rieure. Quatri\`eme
              S\'{e}rie},
    VOLUME = {41},
      YEAR = {2008},
    NUMBER = {3},
     PAGES = {383--435},
      ISSN = {0012-9593},
   MRCLASS = {14G25 (11G35 14G05 20G35 37A25)},
MRREVIEWER = {Boris \`E. Kunyavski\u{\i}},
       DOI = {10.24033/asens.2071},
       URL = {https://doi.org/10.24033/asens.2071},
}

@article {gourevitch2013irreducible,
    AUTHOR = {Gourevitch, D. and Kemarsky, A.},
     TITLE = {Irreducible representations of a product of real reductive
              groups},
   JOURNAL = {J. Lie Theory},
  FJOURNAL = {Journal of Lie Theory},
    VOLUME = {23},
      YEAR = {2013},
    NUMBER = {4},
     PAGES = {1005--1010},
      ISSN = {0949-5932},
   MRCLASS = {22E47 (20G05)},
}

@article {gross1987heegner,
    AUTHOR = {Gross, B. and Kohnen, W. and Zagier, D.},
     TITLE = {Heegner points and derivatives of {$L$}-series. {II}},
   JOURNAL = {Math. Ann.},
  FJOURNAL = {Mathematische Annalen},
    VOLUME = {278},
      YEAR = {1987},
    NUMBER = {1-4},
     PAGES = {497--562},
      ISSN = {0025-5831},
   MRCLASS = {11G40 (11F30 11G05 11R29 14G10)},
MRREVIEWER = {Lawrence Washington},
       DOI = {10.1007/BF01458081},
       URL = {https://doi.org/10.1007/BF01458081},
}

@article {hirzebruch1976intersection,
    AUTHOR = {Hirzebruch, F. and Zagier, D.},
     TITLE = {Intersection numbers of curves on {H}ilbert modular surfaces
              and modular forms of {N}ebentypus},
   JOURNAL = {Invent. Math.},
  FJOURNAL = {Inventiones Mathematicae},
    VOLUME = {36},
      YEAR = {1976},
     PAGES = {57--113},
      ISSN = {0020-9910},
   MRCLASS = {10D20 (14J25)},
MRREVIEWER = {Hiroshi Saito},
       DOI = {10.1007/BF01390005},
       URL = {https://doi.org/10.1007/BF01390005},
}

@incollection {jannsen1991motivic,
    AUTHOR = {Jannsen, U.},
     TITLE = {Motivic sheaves and filtrations on {C}how groups},
 BOOKTITLE = {Motives ({S}eattle, {WA}, 1991)},
    SERIES = {Proc. Sympos. Pure Math.},
    VOLUME = {55},
     PAGES = {245--302},
 PUBLISHER = {Amer. Math. Soc., Providence, RI},
      YEAR = {1994},
   MRCLASS = {14C15 (11G09 14A20 14C25)},
MRREVIEWER = {S. L. Kleiman},
}

@article {kudla1990intersection,
    AUTHOR = {Kudla, S. and Millson, J.},
     TITLE = {Intersection numbers of cycles on locally symmetric spaces and
              {F}ourier coefficients of holomorphic modular forms in several
              complex variables},
   JOURNAL = {Inst. Hautes \'{E}tudes Sci. Publ. Math.},
  FJOURNAL = {Institut des Hautes \'{E}tudes Scientifiques. Publications
              Math\'{e}matiques},
    NUMBER = {71},
      YEAR = {1990},
     PAGES = {121--172},
      ISSN = {0073-8301},
   MRCLASS = {11F32 (11F30 11F46 11F67 32N10 32N15)},
       URL = {http://www.numdam.org/item?id=PMIHES_1990__71__121_0},
}

@article {kudla1997algebraic,
    AUTHOR = {Kudla, S.},
     TITLE = {Algebraic cycles on {S}himura varieties of orthogonal type},
   JOURNAL = {Duke Math. J.},
  FJOURNAL = {Duke Mathematical Journal},
    VOLUME = {86},
      YEAR = {1997},
    NUMBER = {1},
     PAGES = {39--78},
      ISSN = {0012-7094},
   MRCLASS = {11F32 (11F30 11G18 14C25 14G35)},
MRREVIEWER = {Dipendra Prasad},
       DOI = {10.1215/S0012-7094-97-08602-6},
       URL = {https://doi.org/10.1215/S0012-7094-97-08602-6},
}

@article {kudla1997central,
    AUTHOR = {Kudla, S.},
     TITLE = {Central derivatives of {E}isenstein series and height
              pairings},
   JOURNAL = {Ann. of Math. (2)},
  FJOURNAL = {Annals of Mathematics. Second Series},
    VOLUME = {146},
      YEAR = {1997},
    NUMBER = {3},
     PAGES = {545--646},
      ISSN = {0003-486X},
   MRCLASS = {11F46 (11F30 11G18 14G40)},
MRREVIEWER = {Martin L. Karel},
       DOI = {10.2307/2952456},
       URL = {https://doi.org/10.2307/2952456},
}

@article {kudla2003integrals,
    AUTHOR = {Kudla, S.},
     TITLE = {Integrals of {B}orcherds forms},
   JOURNAL = {Compositio Math.},
  FJOURNAL = {Compositio Mathematica},
    VOLUME = {137},
      YEAR = {2003},
    NUMBER = {3},
     PAGES = {293--349},
      ISSN = {0010-437X},
   MRCLASS = {11F30 (11F55 11G18 11M36 14G35)},
MRREVIEWER = {Rainer Schulze-Pillot},
       DOI = {10.1023/A:1024127100993},
       URL = {https://doi.org/10.1023/A:1024127100993},
}

@incollection {kudla2004special,
    AUTHOR = {Kudla, S.},
     TITLE = {Special cycles and derivatives of {E}isenstein series},
 BOOKTITLE = {Heegner points and {R}ankin {$L$}-series},
    SERIES = {Math. Sci. Res. Inst. Publ.},
    VOLUME = {49},
     PAGES = {243--270},
 PUBLISHER = {Cambridge Univ. Press, Cambridge},
      YEAR = {2004},
   MRCLASS = {11G18 (11F37 11F46 11F67 14G40)},
MRREVIEWER = {Alexey A. Panchishkin},
       DOI = {10.1017/CBO9780511756375.009},
       URL = {https://doi.org/10.1017/CBO9780511756375.009},
}

@article {kudla2021remarks,
    AUTHOR = {Kudla, S.},
     TITLE = {Remarks on generating series for special cycles on orthogonal
              {S}himura varieties},
   JOURNAL = {Algebra Number Theory},
  FJOURNAL = {Algebra \& Number Theory},
    VOLUME = {15},
      YEAR = {2021},
    NUMBER = {10},
     PAGES = {2403--2447},
      ISSN = {1937-0652},
   MRCLASS = {14C25 (11F27 11F46 11G18 14G35)},
       DOI = {10.2140/ant.2021.15.2403},
       URL = {https://doi.org/10.2140/ant.2021.15.2403},
}

@article {kumaresan1980canonical,
    AUTHOR = {Kumaresan, S.},
     TITLE = {On the canonical {$k$}-types in the irreducible unitary
              {$g$}-modules with nonzero relative cohomology},
   JOURNAL = {Invent. Math.},
  FJOURNAL = {Inventiones Mathematicae},
    VOLUME = {59},
      YEAR = {1980},
    NUMBER = {1},
     PAGES = {1--11},
      ISSN = {0020-9910},
   MRCLASS = {17B15 (22E45 22E46)},
       DOI = {10.1007/BF01390311},
       URL = {https://doi.org/10.1007/BF01390311},
}	

@article {rosu2020generating,
    AUTHOR = {Rosu, E. and Yott, D.},
     TITLE = {Generating series of a new class of orthogonal {S}himura
              varieties},
   JOURNAL = {Algebra Number Theory},
  FJOURNAL = {Algebra \& Number Theory},
    VOLUME = {14},
      YEAR = {2020},
    NUMBER = {10},
     PAGES = {2743--2772},
      ISSN = {1937-0652},
   MRCLASS = {11G18 (14G35 19E15)},
       DOI = {10.2140/ant.2020.14.2743},
       URL = {https://doi.org/10.2140/ant.2020.14.2743},
}

@article {vogan1984unitary,
    AUTHOR = {Vogan, D. and Zuckerman, G. J.},
     TITLE = {Unitary representations with nonzero cohomology},
   JOURNAL = {Compositio Math.},
  FJOURNAL = {Compositio Mathematica},
    VOLUME = {53},
      YEAR = {1984},
    NUMBER = {1},
     PAGES = {51--90},
      ISSN = {0010-437X},
   MRCLASS = {22E47 (11F67 11F70 32N10)},
MRREVIEWER = {Dan Barbasch},
       URL = {http://www.numdam.org/item?id=CM_1984__53_1_51_0},
}

@book {warner1972harmonic,
    AUTHOR = {Warner, G.},
     TITLE = {Harmonic analysis on semi-simple {L}ie groups. {I}},
    SERIES = {Die Grundlehren der mathematischen Wissenschaften, Band 188},
 PUBLISHER = {Springer-Verlag, New York-Heidelberg},
      YEAR = {1972},
     PAGES = {xvi+529},
   MRCLASS = {22E45 (22E30)},
MRREVIEWER = {Mitsuo Sugiura},
}

@article {yuan2009gross,
    AUTHOR = {Yuan, X. and Zhang, S.-W. and Zhang, W.},
     TITLE = {The {G}ross-{K}ohnen-{Z}agier theorem over totally real
              fields},
   JOURNAL = {Compos. Math.},
  FJOURNAL = {Compositio Mathematica},
    VOLUME = {145},
      YEAR = {2009},
    NUMBER = {5},
     PAGES = {1147--1162},
      ISSN = {0010-437X},
   MRCLASS = {11G18 (11F46)},
MRREVIEWER = {Min Ho Lee},
       DOI = {10.1112/S0010437X08003734},
       URL = {https://doi.org/10.1112/S0010437X08003734},
}

@book {zhang2009modularity,
    AUTHOR = {Zhang, W.},
     TITLE = {Modularity of generating functions of special cycles on
              {S}himura varieties},
      NOTE = {Thesis (Ph.D.)--Columbia University},
      YEAR = {2009},
     PAGES = {48},
   MRCLASS = {Thesis}
}



@incollection {coulangeon2013diophantine,
    AUTHOR = {Coulangeon, R. and Nebe, G.},
     TITLE = {Dense lattices as {H}ermitian tensor products},
 BOOKTITLE = {Diophantine methods, lattices, and arithmetic theory of
              quadratic forms},
    SERIES = {Contemp. Math.},
    VOLUME = {587},
     PAGES = {47--57},
 PUBLISHER = {Amer. Math. Soc., Providence, RI},
      YEAR = {2013},
   MRCLASS = {11H06 (11H31 11H50 11H55)},
MRREVIEWER = {Damien Roy},
       DOI = {10.1090/conm/587/11675},
       URL = {https://doi.org/10.1090/conm/587/11675},
}

@article {freitag2003some,
    AUTHOR = {Freitag, E.},
     TITLE = {Some modular forms related to cubic surfaces},
   JOURNAL = {Kyungpook Math. J.},
  FJOURNAL = {Kyungpook Mathematical Journal},
    VOLUME = {43},
      YEAR = {2003},
    NUMBER = {3},
     PAGES = {433--462},
      ISSN = {1225-6951},
   MRCLASS = {11F55 (11F23 14J15)},
MRREVIEWER = {Jan Hendrik Bruinier},
}


@article{gritsenko2010reflective,
  title={Reflective modular forms in algebraic geometry},
  author={Gritsenko, V.},
  journal={preprint,\ arXiv:1012.4155},
  year={2010}
}



@article {gritsenko2014uniruledness,
    AUTHOR = {Gritsenko, V. and Hulek, K.},
     TITLE = {Uniruledness of orthogonal modular varieties},
   JOURNAL = {J. Algebraic Geom.},
  FJOURNAL = {Journal of Algebraic Geometry},
    VOLUME = {23},
      YEAR = {2014},
    NUMBER = {4},
     PAGES = {711--725},
      ISSN = {1056-3911},
   MRCLASS = {14J28 (14G35 14J10)},
MRREVIEWER = {Kenji Hashimoto},
       DOI = {10.1090/S1056-3911-2014-00632-9},
       URL = {https://doi.org/10.1090/S1056-3911-2014-00632-9},
}


@article {gritsenko2007kodaira,
    AUTHOR = {Gritsenko, V. and Hulek, K. and Sankaran, G. K.},
     TITLE = {The {K}odaira dimension of the moduli of {K}3 surfaces},
   JOURNAL = {Invent. Math.},
  FJOURNAL = {Inventiones Mathematicae},
    VOLUME = {169},
      YEAR = {2007},
    NUMBER = {3},
     PAGES = {519--567},
      ISSN = {0020-9910},
   MRCLASS = {14J28 (14J10 32M15 32N15)},
MRREVIEWER = {Dolgachev, I.},
       DOI = {10.1007/s00222-007-0054-1},
       URL = {https://doi.org/10.1007/s00222-007-0054-1},
}

@article {gritsenko1998automorphic,
    AUTHOR = {Gritsenko, V. and Nikulin, V.},
     TITLE = {Automorphic forms and {L}orentzian {K}ac-{M}oody algebras.
              {I}},
   JOURNAL = {Internat. J. Math.},
  FJOURNAL = {International Journal of Mathematics},
    VOLUME = {9},
      YEAR = {1998},
    NUMBER = {2},
     PAGES = {153--199},
      ISSN = {0129-167X},
   MRCLASS = {11F22 (11F46 11F55 14J28 17B67 81R10)},
MRREVIEWER = {Dolgachev, I.},
       DOI = {10.1142/S0129167X98000105},
       URL = {https://doi.org/10.1142/S0129167X98000105},
}

@article {hacon2007shokurov,
    AUTHOR = {Hacon, C. and Mckernan, J.},
     TITLE = {On {S}hokurov's rational connectedness conjecture},
   JOURNAL = {Duke Math. J.},
  FJOURNAL = {Duke Mathematical Journal},
    VOLUME = {138},
      YEAR = {2007},
    NUMBER = {1},
     PAGES = {119--136},
      ISSN = {0012-7094},
   MRCLASS = {14E30 (14E05 14J45)},
MRREVIEWER = {Mihnea Popa},
       DOI = {10.1215/S0012-7094-07-13813-4},
       URL = {https://doi.org/10.1215/S0012-7094-07-13813-4},
}

@article {hentschel2009hermitian,
    AUTHOR = {Hentschel, M.},
     TITLE = {On Hermitian theta series and modular forms},
   JOURNAL = {Ph.D Thesis, RWTH Aachen University.},
      YEAR = {2009},
       URL = {http://publications.rwth-aachen.de/record/51221/files/Hentschel_Michael.pdf},
}

@article {hentschel2012classification,
    AUTHOR = {Hentschel, M. and Krieg, A. and Nebe, G.},
     TITLE = {On the classification of even unimodular lattices with a
              complex structure},
   JOURNAL = {Int. J. Number Theory},
  FJOURNAL = {International Journal of Number Theory},
    VOLUME = {8},
      YEAR = {2012},
    NUMBER = {4},
     PAGES = {983--992},
      ISSN = {1793-0421},
   MRCLASS = {11E41 (11E39 11E45 11H06)},,
MRREVIEWER = {Stefan K\"{u}hnlein},
       DOI = {10.1142/S1793042112500583},
       URL = {https://doi.org/10.1142/S1793042112500583},
}

@article {hofmann2014borcherds,
    AUTHOR = {Hofmann, E.},
     TITLE = {Borcherds products on unitary groups},
   JOURNAL = {Math. Ann.},
  FJOURNAL = {Mathematische Annalen},
    VOLUME = {358},
      YEAR = {2014},
    NUMBER = {3-4},
     PAGES = {799--832},
      ISSN = {0025-5831},
   MRCLASS = {11F55 (11F27 11G18 14G35)},
MRREVIEWER = {Kazuyuki Hatada},
       DOI = {10.1007/s00208-013-0966-6},
       URL = {https://doi.org/10.1007/s00208-013-0966-6},
}

@article {iyanaga1969class,
    AUTHOR = {Iyanaga, K.},
     TITLE = {Class numbers of definite {H}ermitian forms},
   JOURNAL = {J. Math. Soc. Japan},
  FJOURNAL = {Journal of the Mathematical Society of Japan},
    VOLUME = {21},
      YEAR = {1969},
     PAGES = {359--374},
      ISSN = {0025-5645},
   MRCLASS = {10.16},
MRREVIEWER = {D. G. James},
       DOI = {10.2969/jmsj/02130359},
       URL = {https://doi.org/10.2969/jmsj/02130359},
}

@article {kondo1993kodaira,
    AUTHOR = {Kond\={o}, S.},
     TITLE = {On the {K}odaira dimension of the moduli space of {K}3
              surfaces},
   JOURNAL = {Compositio Math.},
  FJOURNAL = {Compositio Mathematica},
    VOLUME = {89},
      YEAR = {1993},
    NUMBER = {3},
     PAGES = {251--299},
      ISSN = {0010-437X},
   MRCLASS = {14J10 (14J28)},
MRREVIEWER = {Jong Hae Keum},
       URL = {http://www.numdam.org/item?id=CM_1993__89_3_251_0},
}

@article {kondo1999kodaira,
    AUTHOR = {Kond\={o}, S.},
     TITLE = {On the {K}odaira dimension of the moduli space of {K}3
              surfaces. {II}},
   JOURNAL = {Compositio Math.},
  FJOURNAL = {Compositio Mathematica},
    VOLUME = {116},
      YEAR = {1999},
    NUMBER = {2},
     PAGES = {111--117},
      ISSN = {0010-437X},
   MRCLASS = {14J15 (11F22 11F23 14J28)},
MRREVIEWER = {Jong Hae Keum},
       DOI = {10.1023/A:1000675831026},
       URL = {https://doi.org/10.1023/A:1000675831026},
}


@article {kondo2007moduli8points,
    AUTHOR = {Kond\={o}, S.},
     TITLE = {The moduli space of 8 points of {$\Bbb P^1$} and automorphic
              forms},
 BOOKTITLE = {Algebraic geometry},
    SERIES = {Contemp. Math.},
    VOLUME = {422},
     PAGES = {89--106},
 PUBLISHER = {Amer. Math. Soc., Providence, RI},
      YEAR = {2007},
   MRCLASS = {14H10 (11F23 14J28)},
MRREVIEWER = {Jong Hae Keum},
       DOI = {10.1090/conm/422/08057},
       URL = {https://doi.org/10.1090/conm/422/08057},
}

@article {ma2018kodaira,
    AUTHOR = {Ma, S.},
     TITLE = {On the {K}odaira dimension of orthogonal modular varieties},
   JOURNAL = {Invent. Math.},
  FJOURNAL = {Inventiones Mathematicae},
    VOLUME = {212},
      YEAR = {2018},
    NUMBER = {3},
     PAGES = {859--911},
      ISSN = {0020-9910},
   MRCLASS = {14G35 (11G05 14J29)},
MRREVIEWER = {Dipendra Prasad},
       DOI = {10.1007/s00222-017-0781-x},
       URL = {https://doi.org/10.1007/s00222-017-0781-x},
}

@article {ma2015rationality,
    AUTHOR = {Ma, S. and Ohashi, H. and Taki, S.},
     TITLE = {Rationality of the moduli spaces of {E}isenstein {K}3
              surfaces},
   JOURNAL = {Trans. Amer. Math. Soc.},
  FJOURNAL = {Transactions of the American Mathematical Society},
    VOLUME = {367},
      YEAR = {2015},
    NUMBER = {12},
     PAGES = {8643--8679},
      ISSN = {0002-9947},
   MRCLASS = {14J10 (14E08 14J28)},
MRREVIEWER = {Zhiyu Tian},
       DOI = {10.1090/tran/6349},
       URL = {https://doi.org/10.1090/tran/6349},
}

@article {ma2020k3,
    AUTHOR = {Ma, Shouhei and Yoshikawa, Ken-Ichi},
     TITLE = {K3 surfaces with involution, equivariant analytic torsion, and
              automorphic forms on the moduli space {IV}: {T}he structure of
              the invariant},
   JOURNAL = {Compos. Math.},
  FJOURNAL = {Compositio Mathematica},
    VOLUME = {156},
      YEAR = {2020},
    NUMBER = {10},
     PAGES = {1965--2019},
      ISSN = {0010-437X},
   MRCLASS = {14J28 (11F23 14J10 14J50 58J52)},
MRREVIEWER = {Lei Yang},
       DOI = {10.1112/s0010437x2000737x},
       URL = {https://doi.org/10.1112/s0010437x2000737x},
}



@article{maeda2022fano,
  title={Fano {S}himura varieties with mostly branched cusps},
  author={Maeda, Y. and Odaka, Y.},
  journal={to appear in the proceedings of the conference ``Birational geometry, Kahler-Einstein metrics and degenerations"},
  year = {2022}
}


@article {miyaoka1986numerical,
    AUTHOR = {Miyaoka, Y. and Mori, S.},
     TITLE = {A numerical criterion for uniruledness},
   JOURNAL = {Ann. of Math. (2)},
  FJOURNAL = {Annals of Mathematics. Second Series},
    VOLUME = {124},
      YEAR = {1986},
    NUMBER = {1},
     PAGES = {65--69},
      ISSN = {0003-486X},
   MRCLASS = {14J40},
MRREVIEWER = {C. A. M. Peters},
       DOI = {10.2307/1971387},
       URL = {https://doi.org/10.2307/1971387},
}


@article{nikulin1980integral,
  title={Integral symmetric bilinear forms and some of their applications},
  author={Nikulin, V.},
  journal={Mathematics of the USSR-Izvestiya},
  volume={14},
  number={1},
  pages={103},
  year={1980},
  publisher={IOP Publishing}
}

@article{yoshikawa2013k3,
  title={K3 surfaces with involution, equivariant analytic torsion, and automorphic forms on the moduli space, {II}: A structure theorem for $r (M)> 10$},
  author={Yoshikawa, K.},
  journal={Journal f{\"u}r die reine und angewandte Mathematik (Crelles Journal)},
  volume={2013},
  number={677},
  pages={15--70},
  year={2013},
  publisher={De Gruyter}
}

@article{casalaina2019cohomology,
  title={Cohomology of the moduli space of cubic threefolds and its smooth models},
  author={Casalaina-Martin, S. and Grushevsky, S. and Hulek, K. and Laza, R.},
  journal={to appear in Mem. Amer. Math. Soc., preprint, arXiv:1904.08728},
    year={2019}
}


@article{casalaina2021complete,
  title={Complete moduli of cubic threefolds and their intermediate Jacobians},
  author={Casalaina-Martin, S. and Grushevsky, S. and Hulek, K. and Laza, R.},
  journal={Proceedings of the London Mathematical Society},
  volume={122},
  number={2},
  pages={259--316},
  year={2021},
  publisher={Wiley Online Library}
}

@article{casalaina2022non,
  title={Non-isomorphic smooth compactifications of the moduli space of cubic surfaces},
  author={Casalaina-Martin, S. and Grushevsky, S. and Hulek, K. and Laza, R.},
  journal={preprint, arXiv:2207.03533},
    year={2022}
}

@article{deligne1986monodromy,
  title={Monodromy of Hypergeometric Functions and Non-lattice Integral Monodromy Groups},
  author={Deligne, P. and Mostow, D.},
  journal={Publ. Math. IHES, this volume},
  pages={5--90}
  year={1986}
}


@article{dolgachev2005complex,
  title={A complex ball uniformization of the moduli space of cubic surfaces via periods of {K}3 surfaces},
  author={Dolgachev, I. and Geemen, B. van and Kond{\=o}, S.},
  year={2005},
  publisher={Walter de Gruyter}
}

@book{dolgachev1988point,
  title={Point sets in projective spaces and theta functions},
  author={Dolgachev, I. and Ortland, D.},
  volume={165},
  year={1988},
  publisher={Soci{\'e}t{\'e} math{\'e}matique de France}
}

@article{fulton1994compactification,
  title={A compactification of configuration spaces},
  author={Fulton, W. and MacPherson, R.},
  journal={Annals of Mathematics},
  pages={183--225},
  year={1994},
  publisher={JSTOR}
}

@article{gallardo2021geometric,
  title={Geometric interpretation of toroidal compactifications of moduli of points in the line and cubic surfaces},
  author={Gallardo, P. and Kerr, M. and Schaffler, L.},
  journal={Advances in Mathematics},
  volume={381},
  pages={107632},
  year={2021},
  publisher={Elsevier}
}

@article{hassett2003moduli,
  title={Moduli spaces of weighted pointed stable curves},
  author={Hassett, B.},
  journal={Advances in Mathematics},
  volume={173},
  number={2},
  pages={316--352},
  year={2003},
  publisher={Elsevier}
}

@article{heckman2015allcock,
  title={The Allcock Ball Quotient},
  author={Heckman, G.},
  journal={Pure and Applied Mathematics Quarterly},
  volume={11},
  number={4},
  pages={655--681},
  year={2015}
}

@book{kirwan1984cohomology,
  title={Cohomology of quotients in symplectic and algebraic geometry},
  author={Kirwan, F. and Mather, J. and Griffiths, P.},
  volume={31},
  year={1984},
  publisher={Princeton university press}
}

@article {kirwan1985partial,
    AUTHOR = {Kirwan, F.},
     TITLE = {Partial desingularisations of quotients of nonsingular
              varieties and their {B}etti numbers},
   JOURNAL = {Ann. of Math. (2)},
  FJOURNAL = {Annals of Mathematics. Second Series},
    VOLUME = {122},
      YEAR = {1985},
    NUMBER = {1},
     PAGES = {41--85},
      ISSN = {0003-486X},
   MRCLASS = {14D25 (14L30 20G99 32M99)},
MRREVIEWER = {Andrew J. Sommese},
       DOI = {10.2307/1971369},
       URL = {https://doi.org/10.2307/1971369},
}


@article {kirman1989moduli,
    AUTHOR = {Kirwan, F.},
     TITLE = {Moduli spaces of degree {$d$} hypersurfaces in {${\bf P}_n$}},
   JOURNAL = {Duke Math. J.},
  FJOURNAL = {Duke Mathematical Journal},
    VOLUME = {58},
      YEAR = {1989},
    NUMBER = {1},
     PAGES = {39--78},
      ISSN = {0012-7094},
   MRCLASS = {14D22 (14F25 14J10)},
MRREVIEWER = {Nitin Nitsure},
       DOI = {10.1215/S0012-7094-89-05804-3},
       URL = {https://doi.org/10.1215/S0012-7094-89-05804-3},
}

@article {kirwan1987quotients,
    AUTHOR = {Kirwan, F. and Lee, R. and Weintraub, S.},
     TITLE = {Quotients of the complex ball by discrete groups},
   JOURNAL = {Pacific J. Math.},
  FJOURNAL = {Pacific Journal of Mathematics},
    VOLUME = {130},
      YEAR = {1987},
    NUMBER = {1},
     PAGES = {115--141},
      ISSN = {0030-8730},
   MRCLASS = {32J05 (11F25 14J15 22E40 32C40 32M10)},
       URL = {http://projecteuclid.org/euclid.pjm/1102690295},
}

@article {kiem2011moduli,
    AUTHOR = {Kiem, Y. -H. and Moon, H-.B.},
     TITLE = {Moduli spaces of weighted pointed stable rational curves via
              {GIT}},
   JOURNAL = {Osaka J. Math.},
  FJOURNAL = {Osaka Journal of Mathematics},
    VOLUME = {48},
      YEAR = {2011},
    NUMBER = {4},
     PAGES = {1115--1140},
      ISSN = {0030-6126},
   MRCLASS = {14H10 (14L24)},
MRREVIEWER = {Scott R. Nollet},
       URL = {http://projecteuclid.org/euclid.ojm/1326291221},
}

@incollection {kondo2002moduli,
    AUTHOR = {Kond\={o}, S.},
     TITLE = {The moduli space of curves of genus 4 and {D}eligne-{M}ostow's
              complex reflection groups},
 BOOKTITLE = {Algebraic geometry 2000, {A}zumino ({H}otaka)},
    SERIES = {Adv. Stud. Pure Math.},
    VOLUME = {36},
     PAGES = {383--400},
 PUBLISHER = {Math. Soc. Japan, Tokyo},
      YEAR = {2002},
   MRCLASS = {14H15 (14D07 14H45 14J28 32S40 33C80)},
MRREVIEWER = {I. Dolgachev},
       DOI = {10.2969/aspm/03610383},
       URL = {https://doi.org/10.2969/aspm/03610383},
}

@incollection {kondo20075points,
    AUTHOR = {Kond\={o}, S.},
     TITLE = {The moduli space of 5 points on {$\Bbb P^1$} and {K}3
              surfaces},
 BOOKTITLE = {Arithmetic and geometry around hypergeometric functions},
    SERIES = {Progr. Math.},
    VOLUME = {260},
     PAGES = {189--206},
 PUBLISHER = {Birkh\"{a}user, Basel},
      YEAR = {2007},
   MRCLASS = {14J10 (11F23 14J28)},
MRREVIEWER = {Michael A. van Opstall},
       DOI = {10.1007/978-3-7643-8284-1\_7},
       URL = {https://doi.org/10.1007/978-3-7643-8284-1_7},
}

@article {li2009wonderful,
    AUTHOR = {Li, L.},
     TITLE = {Wonderful compactification of an arrangement of subvarieties},
   JOURNAL = {Michigan Math. J.},
  FJOURNAL = {Michigan Mathematical Journal},
    VOLUME = {58},
      YEAR = {2009},
    NUMBER = {2},
     PAGES = {535--563},
      ISSN = {0026-2285},
   MRCLASS = {14M27},
MRREVIEWER = {Jo\~{a}o Paulo Santos},
       DOI = {10.1307/mmj/1250169076},
       URL = {https://doi.org/10.1307/mmj/1250169076},
}

@article {maakestad2005resultans,
    AUTHOR = {Maakestad, H.},
     TITLE = {Resultants and symmetric products},
   JOURNAL = {Comm. Algebra},
  FJOURNAL = {Communications in Algebra},
    VOLUME = {33},
      YEAR = {2005},
    NUMBER = {11},
     PAGES = {4105--4114},
      ISSN = {0092-7872},
   MRCLASS = {14N05 (13P99 14A15)},
MRREVIEWER = {Matthias Meulien},
       DOI = {10.1080/00927870500261413},
       URL = {https://doi.org/10.1080/00927870500261413},
}

@article {matsumoto2001theta,
    AUTHOR = {Matsumoto, K.},
     TITLE = {Theta constants associated with the cyclic triple coverings of
              the complex projective line branching at six points},
   JOURNAL = {Publ. Res. Inst. Math. Sci.},
  FJOURNAL = {Kyoto University. Research Institute for Mathematical
              Sciences. Publications},
    VOLUME = {37},
      YEAR = {2001},
    NUMBER = {3},
     PAGES = {419--440},
      ISSN = {0034-5318},
   MRCLASS = {14H42 (11F55 32N15)},
MRREVIEWER = {Jos\'{e} M. Mu\~{n}oz Porras},
       URL = {http://projecteuclid.org/euclid.prims/1145477230},
}

@article {moon2021ksba,
    AUTHOR = {Moon, H.-B. and Schaffler, L.},
     TITLE = {K{SBA} compactification of the moduli space of {K}3 surfaces
              with a purely non-symplectic automorphism of order four},
   JOURNAL = {Proc. Edinb. Math. Soc. (2)},
  FJOURNAL = {Proceedings of the Edinburgh Mathematical Society. Series II},
    VOLUME = {64},
      YEAR = {2021},
    NUMBER = {1},
     PAGES = {99--127},
      ISSN = {0013-0915},
   MRCLASS = {14J10 (14D06 14J28)},
MRREVIEWER = {Giancarlo Urz\'{u}a},
       DOI = {10.1017/S001309152100002X},
       URL = {https://doi.org/10.1017/S001309152100002X},
}

@book {mukai2003introduction,
    AUTHOR = {Mukai, S.},
     TITLE = {An introduction to invariants and moduli},
    SERIES = {Cambridge Studies in Advanced Mathematics},
    VOLUME = {81},
      NOTE = {Translated from the 1998 and 2000 Japanese editions by W. M.
              Oxbury},
 PUBLISHER = {Cambridge University Press, Cambridge},
      YEAR = {2003},
     PAGES = {xx+503},
      ISBN = {0-521-80906-1},
   MRCLASS = {14-02 (14D20 14L24 14L30)},
MRREVIEWER = {Arvid Siqveland},
}

@article {mustata2003intermediate,
    AUTHOR = {Musta\c{t}\u{a}, A. and Musta\c{t}\u{a}, M. A.},
     TITLE = {Intermediate moduli spaces of stable maps},
   JOURNAL = {Invent. Math.},
  FJOURNAL = {Inventiones Mathematicae},
    VOLUME = {167},
      YEAR = {2007},
    NUMBER = {1},
     PAGES = {47--90}
}

@incollection {thurston1998shapes,
    AUTHOR = {Thurston, W.},
     TITLE = {Shapes of polyhedra and triangulations of the sphere},
 BOOKTITLE = {The {E}pstein birthday schrift},
    SERIES = {Geom. Topol. Monogr.},
    VOLUME = {1},
     PAGES = {511--549},
 PUBLISHER = {Geom. Topol. Publ., Coventry},
      YEAR = {1998},
   MRCLASS = {57M50 (20F67 22E40 53C21)},
MRREVIEWER = {Feng Luo},
       DOI = {10.2140/gtm.1998.1.511},
       URL = {https://doi.org/10.2140/gtm.1998.1.511},
}

@book {ash2010smooth,
    AUTHOR = {Ash, A. and Mumford, D. and Rapoport, M and Tai, Y. -S.},
     TITLE = {Smooth compactifications of locally symmetric varieties},
    SERIES = {Cambridge Mathematical Library},
   EDITION = {Second},
      NOTE = {With the collaboration of Peter Scholze},
 PUBLISHER = {Cambridge University Press, Cambridge},
      YEAR = {2010},
     PAGES = {x+230},
      ISBN = {978-0-521-73955-9},
   MRCLASS = {14M27 (32J05 32M15)},
       DOI = {10.1017/CBO9780511674693},
       URL = {https://doi.org/10.1017/CBO9780511674693},
}



@article {borcherds1995automorphic,
    AUTHOR = {Borcherds, R.},
     TITLE = {Automorphic forms on {${\rm O}_{s+2,2}({\bf R})$} and infinite
              products},
   JOURNAL = {Invent. Math.},
  FJOURNAL = {Inventiones Mathematicae},
    VOLUME = {120},
      YEAR = {1995},
    NUMBER = {1},
     PAGES = {161--213},
      ISSN = {0020-9910},
   MRCLASS = {11F55 (11F11 11F22 17B67 20G20)},
MRREVIEWER = {Rainer Schulze-Pillot},
       DOI = {10.1007/BF01241126},
       URL = {https://doi.org/10.1007/BF01241126},
}

@book {diamond2005first,
    AUTHOR = {Diamond, F. and Shurman, J.},
     TITLE = {A first course in modular forms},
    SERIES = {Graduate Texts in Mathematics},
    VOLUME = {228},
 PUBLISHER = {Springer-Verlag, New York},
      YEAR = {2005},
     PAGES = {xvi+436},
      ISBN = {0-387-23229-X},
   MRCLASS = {11Fxx},
MRREVIEWER = {Henri Darmon},
}


@book {freitag1983siegelsche,
    AUTHOR = {Freitag, E.},
     TITLE = {Siegelsche {M}odulfunktionen},
    SERIES = {Grundlehren der mathematischen Wissenschaften [Fundamental
              Principles of Mathematical Sciences]},
    VOLUME = {254},
 PUBLISHER = {Springer-Verlag, Berlin},
      YEAR = {1983},
     PAGES = {x+341},
      ISBN = {3-540-11661-3},
   MRCLASS = {11F46},
MRREVIEWER = {G\"{u}nter K\"{o}hler},
       DOI = {10.1007/978-3-642-68649-8},
       URL = {https://doi.org/10.1007/978-3-642-68649-8},
}


@article{gritsenko2010reflective,
  title={Reflective modular forms in algebraic geometry},
  author={Gritsenko, V.},
  journal={preprint, arXiv:1012.4155},
    year={2010}
}



@incollection {gritsenko2016moduli,
    AUTHOR = {Gritsenko, V. and Hulek, K.},
     TITLE = {Moduli of polarized {E}nriques surfaces},
 BOOKTITLE = {K3 surfaces and their moduli},
    SERIES = {Progr. Math.},
    VOLUME = {315},
     PAGES = {55--72},
 PUBLISHER = {Birkh\"{a}user/Springer, [Cham]},
      YEAR = {2016},
   MRCLASS = {14J28 (14J15)},
MRREVIEWER = {Hoil Kim},
       DOI = {10.1007/978-3-319-29959-4\_3},
       URL = {https://doi.org/10.1007/978-3-319-29959-4_3},
}


@article{gritsenko2007kodaira,
  title={The Kodaira dimension of the moduli of {K}3 surfaces},
  author={Gritsenko, V.  and Hulek, K. and Sankaran, G. K.},
  journal={Inventiones mathematicae},
  volume={169},
  number={3},
  pages={519--567},
  year={2007},
  publisher={Springer}
}

@incollection {gritsenko2013moduli,
    AUTHOR = {Gritsenko, V. and Hulek, K. and Sankaran, G. K.},
     TITLE = {Moduli of {K}3 surfaces and irreducible symplectic manifolds},
 BOOKTITLE = {Handbook of moduli. {V}ol. {I}},
    SERIES = {Adv. Lect. Math. (ALM)},
    VOLUME = {24},
     PAGES = {459--526},
 PUBLISHER = {Int. Press, Somerville, MA},
      YEAR = {2013},
   MRCLASS = {14J10 (14J28 53C26)},
MRREVIEWER = {Aristides I. Kontogeorgis},
}



@article {hentschel2010classification,
    AUTHOR = {Hentschel, M. and Krieg, A. and Nebe, G.},
     TITLE = {On the classification of lattices over {$\Bbb Q(\sqrt{-3})$},
              which are even unimodular {$\Bbb Z$}-lattices},
   JOURNAL = {Abh. Math. Semin. Univ. Hambg.},
  FJOURNAL = {Abhandlungen aus dem Mathematischen Seminar der Universit\"{a}t
              Hamburg},
    VOLUME = {80},
      YEAR = {2010},
    NUMBER = {2},
     PAGES = {183--192},
      ISSN = {0025-5858},
   MRCLASS = {11E41 (11F27 11F55 11F60 11H56)},
MRREVIEWER = {Rainer Schulze-Pillot},
       DOI = {10.1007/s12188-010-0043-y},
       URL = {https://doi.org/10.1007/s12188-010-0043-y},
}




@article {kudla1979certain,
    AUTHOR = {Kudla, S.},
     TITLE = {On certain arithmetic automorphic forms for {${\rm
              SU}(1,\,q)$}},
   JOURNAL = {Invent. Math.},
  FJOURNAL = {Inventiones Mathematicae},
    VOLUME = {52},
      YEAR = {1979},
    NUMBER = {1},
     PAGES = {1--25},
}

@article{looijenga2003compactifications,
  title={Compactifications defined by arrangements, {I}: The ball quotient case},
  author={Looijenga, E.},
  journal={Duke Mathematical Journal},
  volume={118},
  number={1},
  pages={151--187},
  year={2003},
  publisher={Duke University Press}
}

@article{ma2018kodaira,
  title={On the {K}odaira dimension of orthogonal modular varieties},
  author={Ma, S.},
  journal={Inventiones mathematicae},
  volume={212},
  number={3},
  pages={859--911},
  year={2018},
  publisher={Springer}
}

@article{ma2021boundary,
  title={Boundary branch divisor of toroidal compactification},
  author={Ma, S.},
  journal={preprint, arXiv:2104.01933},
    year={2021}
}

@article{ma2021irregular,
  title={Irregular cusps of orthogonal modular varieties},
  author={Ma, S.},
  journal={preprint, arXiv:2101.02950},
    year={2021}
}

@article{maeda2022irregular,
  title={Irregular cusps of ball quotients},
  author={Maeda, Y.},
  journal={to appear in Math. Nachr.},
  year={2022}
}

@article{maeda2020uniruledness,
  title={Uniruledness of unitary {S}himura varieties associated with {H}ermitian forms of signatures 
  $(1, 3) $, $(1, 4) $ and $(1, 5) $},
  author={Maeda, Y.},
  journal={preprint, arXiv:2008.13106},
  year = {2020}
}


@article{mumford1977hirzebruch,
  title={Hirzebruch's proportionality theorem in the non-compact case},
  author={Mumford, D.},
  journal={Inventiones mathematicae},
  year={1977},
  publisher={Springer Verlag},
      VOLUME = {42},
     PAGES = {239--272}
}

@article{tai1982kodaira,
  title={On the {K}odaira dimension of the moduli space of abelian varieties},
  author={Tai, Y.-S.},
  journal={Inventiones mathematicae},
  volume={68},
  number={3},
  pages={425--439},
  year={1982},
  publisher={Springer}
}

@article{wang2021free,
  title={Free algebras of modular forms on ball quotients},
  author={Wang, H. and Williams, B.},
  journal={preprint, arXiv:2105.14892},
    year={2021}
}

@article{borcherds1999gross,
  title={The Gross-Kohnen-Zagier theorem in higher dimensions},
  author={Borcherds, R.},
  journal={Duke mathematical journal},
  volume={97},
  number={2},
  pages={219--233},
  year={1999},
  publisher={Duke University Press}
}

@article{bruinier2012regularized,
  title={Regularized theta lifts for orthogonal groups over totally real fields},
  author={Bruinier, J.},
  journal={Journal f{\"u}r die reine und angewandte Mathematik (Crelles Journal)},
  volume={2012},
  number={672},
  pages={177--222},
  year={2012},
  publisher={De Gruyter}
}


@article{hirzebruch1976intersection,
  title={Intersection numbers of curves on Hilbert modular surfaces and modular forms of Nebentypus},
  author={Hirzebruch, F. and Zagier, D.},
  journal={Inventiones mathematicae},
  volume={36},
  pages={57--113},
  year={1976}
}


@article{kudla1990intersection,
  title={Intersection numbers of cycles on locally symmetric spaces and Fourier coefficients of holomorphic modular forms in several complex variables},
  author={Kudla, S. and Millson, J.},
  journal={Publications Math{\'e}matiques de l'IH{\'E}S},
  volume={71},
  pages={121--172},
  year={1990}
}

@article{kudla1997algebraic,
  title={Algebraic cycles on {S}himura varieties of orthogonal type},
  author={Kudla, S.},
  journal={Duke Mathematical Journal},
  volume={86},
  number={1},
  pages={39--78},
  year={1997},
  publisher={Duke University Press}
}

@article{kudla1997central,
  title={Central derivatives of Eisenstein series and height pairings},
  author={Kudla, S.},
  journal={Annals of mathematics},
  volume={146},
  number={3},
  pages={545--646},
  year={1997},
  publisher={JSTOR}
}

@inproceedings{kudla2004special,
  title={Special Cycles and Derivatives of Eisenstein Series},
  author={Kudla, S.},
  booktitle={Heegner Points and Rankin L-Series},
  pages={243--270},
  year={2004},
  organization={Cambridge University Press}
}

@article {maeda2022modularity,
    AUTHOR = {Maeda, Y.},
     TITLE = {Modularity of special cycles on unitary {S}himura varieties
              over {CM}-fields},
   JOURNAL = {Acta Arith.},
  FJOURNAL = {Acta Arithmetica},
    VOLUME = {204},
      YEAR = {2022},
    NUMBER = {1},
     PAGES = {1--18}
}



@article {liu2011arithmetic,
    AUTHOR = {Liu, Y.},
     TITLE = {Arithmetic theta lifting and {$L$}-derivatives for unitary
              groups, {I}},
   JOURNAL = {Algebra Number Theory},
  FJOURNAL = {Algebra \& Number Theory},
    VOLUME = {5},
      YEAR = {2011},
    NUMBER = {7},
     PAGES = {849--921},
      ISSN = {1937-0652},
   MRCLASS = {11G18 (11F27 11G50 20G05)},
MRREVIEWER = {Stefano Vigni},
       DOI = {10.2140/ant.2011.5.849},
       URL = {https://doi.org/10.2140/ant.2011.5.849},
}


@article{maeda2021modularity,
  title={The modularity of special cycles on orthogonal {S}himura varieties over totally real fields under the {B}eilinson--{B}loch conjecture},
  author={Maeda, Y.},
  journal={Canadian Mathematical Bulletin},
  volume={64},
  number={1},
  pages={39--53},
  year={2021},
  publisher={Canadian Mathematical Society}
}


@inproceedings{xia2022some,
  title={Some cases of {K}udla’s modularity conjecture for unitary {S}himura varieties},
  author={Xia, J.},
  booktitle={Forum of Mathematics, Sigma},
  volume={10},
     YEAR = {2022},
     PAGES = {Paper No. e37, 31},
  organization={Cambridge University Press}
}



@phdthesis{zhang2009modularity,
  title={Modularity of generating functions of special cycles on {S}himura varieties},
  author={Zhang, W.},
  year={2009},
  school={Citeseer}
}

@article{alexeev1996log,
  title={Log canonical singularities and complete moduli of stable pairs},
  author={Alexeev, V.},
  journal={preprint, arXiv:9608013},
    year={1996}
}

	

@article{allcock2002cubic,
  title={Cubic surfaces and {B}orcherds products},
  author={Allcock, D. and Freitag, E.},
  journal={Commentarii Mathematici Helvetici},
  volume={77},
  number={2},
  pages={270--296},
  year={2002}
}

@article{allcock2002complex,
  title={The complex hyperbolic geometry of the moduli space of cubic surfaces},
  author={Allcock, D. and Carlson, J. and Toledo, D.},
  journal={Journal of Algebraic Geometry},
  volume={11},
  number={4},
  pages={659--724},
  year={2002}
}

@article{ambro2003log,
  title={Quasi-log varieties},
  author={Ambro, F},
  journal={Tr. Mat. Inst. Steklova},
  volume={240},
  pages={220--239},
  year={2003}
}

@book{ash2010smooth,
  title={Smooth compactifications of locally symmetric varieties},
  author={Ash, A. and Mumford, D. and Scholze, P. and Rapoport, M. and Tai, Y. -S.},
  year={2010},
  publisher={Cambridge University Press}
}

@article{baily1966compactification,
  title={Compactification of arithmetic quotients of bounded symmetric domains},
  author={Baily, W. and Borel, A.},
  journal={Annals of mathematics},
  pages={442--528},
  year={1966},
  publisher={JSTOR}
}

@article{barth1994abelian,
  title={Abelian surfaces of type (1, 3) and quartic surfaces with 16 skew lines},
  author={Barth, W. and Nieto, I.},
  journal={Journal of Algebraic Geometry},
  volume={3},
  number={2},
  pages={173--222},
  year={1994},
  publisher={Providence, RI: University Press, c1992-}
}

@article{behrens2012singularities,
  title={Singularities of ball quotients},
  author={Behrens, N.},
  journal={Geometriae Dedicata},
  volume={159},
  number={1},
  pages={389--407},
  year={2012},
  publisher={Springer}
}

@article{borcherds1996moduli,
  title={The moduli space of {E}nriques surfaces and the fake monster {L}ie superalgebra},
  author={Borcherds, R.},
  journal={Topology},
  volume={35},
  number={3},
  pages={699--710},
  year={1996},
  publisher={Elsevier}
}

@article{braun2021reductive,
  title={Reductive quotients of klt singularities},
  author={Braun, L. and Greb, D. and Langlois, K. and Moraga, J.},
  journal={preprint, arXiv:2111.02812},
    year={2021}
}

@book{bruinier2002borcherds,
  title={Borcherds products on ${O}(2, l)$ and {C}hern classes of {H}eegner divisors},
  author={Bruinier, J.},
  number={1780},
  year={2002},
  publisher={Springer Science \& Business Media}
}

@article{bruinier2014converse,
  title={On the converse theorem for {B}orcherds products},
  author={Bruinier, J.},
  journal={Journal of Algebra},
  volume={397},
  pages={315--342},
  year={2014},
  publisher={Elsevier}
}

@article{bruinier2016lattices,
  title={Lattices with many {B}orcherds products},
  author={Bruinier, J. and Ehlen, S. and Freitag, E.},
  journal={Mathematics of Computation},
  volume={85},
  number={300},
  pages={1953--1981},
  year={2016}
}

@article{dai2020analytic,
  title={Analytic torsion for log-{E}nriques surfaces and {B}orcherds product},
  author={Dai, X. and Yoshikawa, K.},
  journal={preprint, arXiv:2009.10302},
    year={2020}
}

@article{dieckmann2019graded,
  title={The graded ring of modular forms on the {C}ayley half-space of degree two},
  author={Dieckmann, C. and Krieg, A. and Woitalla, M.},
  journal={The Ramanujan Journal},
  volume={48},
  number={2},
  pages={385--398},
  year={2019},
  publisher={Springer}
}


@article {drezet1989groupe,
    AUTHOR = {Drezet, J.-M. and Narasimhan, M.},
     TITLE = {Groupe de {P}icard des vari\'{e}t\'{e}s de modules de fibr\'{e}s
              semi-stables sur les courbes alg\'{e}briques},
   JOURNAL = {Invent. Math.},
  FJOURNAL = {Inventiones Mathematicae},
    VOLUME = {97},
      YEAR = {1989},
    NUMBER = {1},
     PAGES = {53--94},
      ISSN = {0020-9910},
   MRCLASS = {14C22 (14D22 14F05)},
MRREVIEWER = {P. E. Newstead},
       DOI = {10.1007/BF01850655},
       URL = {https://doi.org/10.1007/BF01850655},
}

@book {freitag1983siegelsche,
    AUTHOR = {Freitag, E.},
     TITLE = {Siegelsche {M}odulfunktionen},
    SERIES = {Grundlehren der mathematischen Wissenschaften [Fundamental
              Principles of Mathematical Sciences]},
    VOLUME = {254},
 PUBLISHER = {Springer-Verlag, Berlin},
      YEAR = {1983},
     PAGES = {x+341},
      ISBN = {3-540-11661-3},
   MRCLASS = {11F46},
MRREVIEWER = {G\"{u}nter K\"{o}hler},
       DOI = {10.1007/978-3-642-68649-8},
       URL = {https://doi.org/10.1007/978-3-642-68649-8},
}


@article{freitag2010some,
  title={Some {S}iegel threefolds with a {C}alabi-{Y}au model},
  author={Freitag, E. and Manni, R.},
  journal={Annali della Scuola Normale Superiore di Pisa-Classe di Scienze},
  volume={9},
  number={4},
  pages={833--850},
  year={2010}
}

@article{fujino2010fano,
title={Some problems on {F}ano varieties},
author={Fujino, O.},
journal={RIMS Kôkyûroku},
volume={no. 1897},
pages={43--70},
year={2014}
}

@article {fujino2011fundamental,
    AUTHOR = {Fujino, O.},
     TITLE = {Fundamental theorems for the log minimal model program},
   JOURNAL = {Publ. Res. Inst. Math. Sci.},
  FJOURNAL = {Publications of the Research Institute for Mathematical
              Sciences},
    VOLUME = {47},
      YEAR = {2011},
    NUMBER = {3},
     PAGES = {727--789},
      ISSN = {0034-5318},
   MRCLASS = {14E30 (14C30 14F17)},
MRREVIEWER = {Vladimir Lazi\'{c}},
       DOI = {10.2977/PRIMS/50},
       URL = {https://doi.org/10.2977/PRIMS/50},
}

@book {fujino2017foundations,
    AUTHOR = {Fujino, O.},
     TITLE = {Foundations of the minimal model program},
    SERIES = {MSJ Memoirs},
    VOLUME = {35},
 PUBLISHER = {Mathematical Society of Japan, Tokyo},
      YEAR = {2017},
     PAGES = {xv+289},
      ISBN = {978-4-86497-045-7},
   MRCLASS = {14E30 (14F17)},
MRREVIEWER = {Enrica Floris},
}

@article {fujino2012canonical,
    AUTHOR = {Fujino, O. and Gongyo, Y.},
     TITLE = {On canonical bundle formulas and subadjunctions},
   JOURNAL = {Michigan Math. J.},
  FJOURNAL = {Michigan Mathematical Journal},
    VOLUME = {61},
      YEAR = {2012},
    NUMBER = {2},
     PAGES = {255--264},
      ISSN = {0026-2285},
   MRCLASS = {14C20 (14B05)},
MRREVIEWER = {C\'{\i}cero Carvalho},
       DOI = {10.1307/mmj/1339011526},
       URL = {https://doi.org/10.1307/mmj/1339011526},
}

@article{gritsenko2010reflective,
  title={Reflective modular forms in algebraic geometry},
  author={Gritsenko, V.},
  journal={preprint, arXiv:1005.3753},
    year={2010}
}

@article{gritsenko201224,
  title={24 faces of the {B}orcherds modular form {$\Phi_{12}$}},
  author={Gritsenko, V.},
  journal={preprint, arXiv:1203.6503},
    year={2012}
}

@article {gritsenko2018reflective,
    AUTHOR = {Gritsenko, V.},
     TITLE = {Reflective modular forms and their applications},
   JOURNAL = {Uspekhi Mat. Nauk},
  FJOURNAL = {Uspekhi Matematicheskikh Nauk},
    VOLUME = {73},
      YEAR = {2018},
    NUMBER = {5(443)},
     PAGES = {53--122},
      ISSN = {0042-1316},
   MRCLASS = {11F03 (11F55 11H56 14J33)},
MRREVIEWER = {Gregory M. Lyan},
       DOI = {10.4213/rm9853},
       URL = {https://doi.org/10.4213/rm9853},
}


@article {gritsenko2014uniruledness,
    AUTHOR = {Gritsenko, V. and Hulek, K.},
     TITLE = {Uniruledness of orthogonal modular varieties},
   JOURNAL = {J. Algebraic Geom.},
  FJOURNAL = {Journal of Algebraic Geometry},
    VOLUME = {23},
      YEAR = {2014},
    NUMBER = {4},
     PAGES = {711--725},
      ISSN = {1056-3911},
   MRCLASS = {14J28 (14G35 14J10)},
MRREVIEWER = {Kenji Hashimoto},
       DOI = {10.1090/S1056-3911-2014-00632-9},
       URL = {https://doi.org/10.1090/S1056-3911-2014-00632-9},
}

@@article{gritsenko2016moduli,
  title={Moduli of polarized {E}nriques surfaces},
  author={Gritsenko, V. and Hulek, K},
  journal={Progress in Mathematics},
  volume={315},
  pages={55--72},
  year={2016}
}



@article{gritsenko2007kodaira,
  title={The Kodaira dimension of the moduli of {K}3 surfaces},
  author={Gritsenko, V. and Hulek, K. and Sankaran, G. K.},
  journal={Inventiones mathematicae},
  volume={169},
  number={3},
  pages={519--567},
  year={2007},
  publisher={Springer}
}

@article{gritsenko1998automorphic,
  title={Automorphic forms and Lorentian Kac--Moody algebras PART I},
  author={Gritsenko, V. A. and Nikulin, V. V.},
  journal={International Journal of Mathematics},
  volume={9},
  number={02},
  pages={153--199},
  year={1998},
  publisher={World Scientific}
}

@article{gritsenko2018lorentzian,
  title={Lorentzian Kac--Moody algebras with Weyl groups of 2-reflections},
  author={Gritsenko, V. and Nikulin, V.},
  journal={Proceedings of the London Mathematical Society},
  volume={116},
  number={3},
  pages={485--533},
  year={2018},
  publisher={Wiley Online Library}
}

@article{hacon2007shokurov,
  title={On Shokurov's rational connectedness conjecture},
  author={Hacon, C. and Mckernan, J.},
  journal={Duke Mathematical Journal},
  volume={138},
  number={1},
  pages={119--136},
  year={2007},
  publisher={Duke University Press}
}


@article {hashimoto2022ring,
    AUTHOR = {Hashimoto, K. and Ueda, K.},
     TITLE = {The ring of modular forms for the even unimodular lattice of
              signature {$(2,10)$}},
   JOURNAL = {Proc. Amer. Math. Soc.},
  FJOURNAL = {Proceedings of the American Mathematical Society},
    VOLUME = {150},
      YEAR = {2022},
    NUMBER = {2},
     PAGES = {547--558},
      ISSN = {0002-9939},
   MRCLASS = {14J15},
MRREVIEWER = {Giacomo Mezzedimi},
       DOI = {10.1090/proc/15667},
       URL = {https://doi.org/10.1090/proc/15667},
}


@article {huybrechts1994complete,
    AUTHOR = {Huybrechts, D.},
     TITLE = {Complete curves in moduli spaces of stable bundles on
              surfaces},
   JOURNAL = {Math. Ann.},
  FJOURNAL = {Mathematische Annalen},
    VOLUME = {298},
      YEAR = {1994},
    NUMBER = {1},
     PAGES = {67--78},
      ISSN = {0025-5831},
   MRCLASS = {14D20 (14D22 14F05 14J60)},
MRREVIEWER = {Nitin Nitsure},
       DOI = {10.1007/BF01459725},
       URL = {https://doi.org/10.1007/BF01459725},
}


@article {ichikawa2009siegel,
    AUTHOR = {Ichikawa, T.},
     TITLE = {Siegel modular forms of degree 2 over rings},
   JOURNAL = {J. Number Theory},
  FJOURNAL = {Journal of Number Theory},
    VOLUME = {129},
      YEAR = {2009},
    NUMBER = {4},
     PAGES = {818--823},
      ISSN = {0022-314X},
   MRCLASS = {11F46 (14K10)},
MRREVIEWER = {B. Ramakrishnan},
       DOI = {10.1016/j.jnt.2008.11.005},
       URL = {https://doi.org/10.1016/j.jnt.2008.11.005},
}

@article{igusa1964siegel,
  title={On {S}iegel modular forms of genus two ({II})},
  author={Igusa, J.},
  journal={American Journal of Mathematics},
  volume={86},
  number={2},
  pages={392--412},
  year={1964},
  publisher={JSTOR}
}

@book {Kollar1998birational,
    AUTHOR = {Koll\'{a}r, J. and Mori, S.},
     TITLE = {Birational geometry of algebraic varieties},
    SERIES = {Cambridge Tracts in Mathematics},
    VOLUME = {134},
      NOTE = {With the collaboration of C. H. Clemens and A. Corti,
              Translated from the 1998 Japanese original},
 PUBLISHER = {Cambridge University Press, Cambridge},
      YEAR = {1998},
     PAGES = {viii+254},
      ISBN = {0-521-63277-3},
   MRCLASS = {14E30},
MRREVIEWER = {Mark Gross},
       DOI = {10.1017/CBO9780511662560},
       URL = {https://doi.org/10.1017/CBO9780511662560},
}

@article {kondo1994rationality,
    AUTHOR = {Kond\={o}, S.},
     TITLE = {The rationality of the moduli space of {E}nriques surfaces},
   JOURNAL = {Compositio Math.},
  FJOURNAL = {Compositio Mathematica},
    VOLUME = {91},
      YEAR = {1994},
    NUMBER = {2},
     PAGES = {159--173},
      ISSN = {0010-437X},
   MRCLASS = {14J28 (14D20 14J10)},
MRREVIEWER = {Duco van Straten},
       URL = {http://www.numdam.org/item?id=CM_1994__91_2_159_0},
}


@article {kondo2002modulienriques,
    AUTHOR = {Kond\={o}, S.},
     TITLE = {The moduli space of {E}nriques surfaces and {B}orcherds
              products},
   JOURNAL = {J. Algebraic Geom.},
  FJOURNAL = {Journal of Algebraic Geometry},
    VOLUME = {11},
      YEAR = {2002},
    NUMBER = {4},
     PAGES = {601--627},
      ISSN = {1056-3911},
   MRCLASS = {14J10 (11F23 14J28)},
MRREVIEWER = {Jong Hae Keum},
       DOI = {10.1090/S1056-3911-02-00301-6},
       URL = {https://doi.org/10.1090/S1056-3911-02-00301-6},
}

@article {lejarraga1993moduli,
    AUTHOR = {Lejarraga, P.},
     TITLE = {The moduli of rational {W}eierstrass fibrations over {$\bold
              P^1$}: singularities},
   JOURNAL = {Pacific J. Math.},
  FJOURNAL = {Pacific Journal of Mathematics},
    VOLUME = {160},
      YEAR = {1993},
    NUMBER = {1},
     PAGES = {91--107},
      ISSN = {0030-8730},
   MRCLASS = {14H10 (14E15)},
       URL = {http://projecteuclid.org/euclid.pjm/1102624566},
}


@article {li1994kodaira,
    AUTHOR = {Li, J.},
     TITLE = {Kodaira dimension of moduli space of vector bundles on
              surfaces},
   JOURNAL = {Invent. Math.},
  FJOURNAL = {Inventiones Mathematicae},
    VOLUME = {115},
      YEAR = {1994},
    NUMBER = {1},
     PAGES = {1--40},
      ISSN = {0020-9910},
   MRCLASS = {14D20 (14J60 14L30)},
MRREVIEWER = {Zhenbo Qin},
       DOI = {10.1007/BF01231752},
       URL = {https://doi.org/10.1007/BF01231752},
}
	
@article {looijenga1984smoothing,
    AUTHOR = {Looijenga, E.},
     TITLE = {The smoothing components of a triangle singularity. {II}},
   JOURNAL = {Math. Ann.},
  FJOURNAL = {Mathematische Annalen},
    VOLUME = {269},
      YEAR = {1984},
    NUMBER = {3},
     PAGES = {357--387},
      ISSN = {0025-5831},
   MRCLASS = {14J17 (14B07)},
MRREVIEWER = {I. Dolgachev},
       DOI = {10.1007/BF01450700},
       URL = {https://doi.org/10.1007/BF01450700},
}

@article {ma2012unirationality,
    AUTHOR = {Ma, S.},
     TITLE = {The unirationality of the moduli spaces of 2-elementary {K}3
              surfaces},
      NOTE = {with an appendix by Ken-Ichi Yoshikawa},
   JOURNAL = {Proc. Lond. Math. Soc. (3)},
  FJOURNAL = {Proceedings of the London Mathematical Society. Third Series},
    VOLUME = {105},
      YEAR = {2012},
    NUMBER = {4},
     PAGES = {757--786},
      ISSN = {0024-6115},
   MRCLASS = {14J28 (14J10 14M20)},
MRREVIEWER = {Zhiyu Tian},
       DOI = {10.1112/plms/pds008},
       URL = {https://doi.org/10.1112/plms/pds008},
}


@article {ma2018kodaira,
    AUTHOR = {Ma, S.},
     TITLE = {On the {K}odaira dimension of orthogonal modular varieties},
   JOURNAL = {Invent. Math.},
  FJOURNAL = {Inventiones Mathematicae},
    VOLUME = {212},
      YEAR = {2018},
    NUMBER = {3},
     PAGES = {859--911},
      ISSN = {0020-9910},
   MRCLASS = {14G35 (11G05 14J29)},
MRREVIEWER = {Dipendra Prasad},
       DOI = {10.1007/s00222-017-0781-x},
       URL = {https://doi.org/10.1007/s00222-017-0781-x},
}

@article{maeda2022reflective,
  title={Reflective obstructions of unitary modular varieties},
  author={Maeda, Y.},
  journal={preprint, arXiv:2204.01128},
  year = {2022}
}

@article {mumford1977hirzebruch,
    AUTHOR = {Mumford, D.},
     TITLE = {Hirzebruch's proportionality theorem in the noncompact case},
   JOURNAL = {Invent. Math.},
  FJOURNAL = {Inventiones Mathematicae},
    VOLUME = {42},
      YEAR = {1977},
     PAGES = {239--272},
      ISSN = {0020-9910},
   MRCLASS = {32M15 (14D20 22E40 32N10 57R20)},
MRREVIEWER = {A. L. Onishchik},
       DOI = {10.1007/BF01389790},
       URL = {https://doi.org/10.1007/BF01389790},
}

@incollection {mumford1983kodaira,
    AUTHOR = {Mumford, D.},
     TITLE = {On the {K}odaira dimension of the {S}iegel modular variety},
 BOOKTITLE = {Algebraic geometry---open problems ({R}avello, 1982)},
    SERIES = {Lecture Notes in Math.},
    VOLUME = {997},
     PAGES = {348--375},
 PUBLISHER = {Springer, Berlin},
      YEAR = {1983},
   MRCLASS = {14K10 (11F46 11G15 14J40 14K20)},
MRREVIEWER = {Yukihiko Namikawa},
       DOI = {10.1007/BFb0061652},
       URL = {https://doi.org/10.1007/BFb0061652},
}

@article {namikawa1985periods,
    AUTHOR = {Namikawa, Y.},
     TITLE = {Periods of {E}nriques surfaces},
   JOURNAL = {Math. Ann.},
  FJOURNAL = {Mathematische Annalen},
    VOLUME = {270},
      YEAR = {1985},
    NUMBER = {2},
     PAGES = {201--222},
      ISSN = {0025-5831},
   MRCLASS = {14J28 (14J15)},
MRREVIEWER = {Fran\c{c}ois Cossec},
       DOI = {10.1007/BF01456182},
       URL = {https://doi.org/10.1007/BF01456182},
}

@article{odaka2016compact,
  title={Compact moduli spaces of del {P}ezzo surfaces and {K}{\"a}hler--{E}instein metrics},
  author={Odaka, Y. and Spotti, C. and Sun, S.},
  journal={Journal of Differential Geometry},
  volume={102},
  number={1},
  pages={127--172},
  year={2016},
  publisher={Lehigh University}
}

@book {odaka2021collapsing,
    AUTHOR = {Odaka, Y. and Oshima, Y.},
     TITLE = {Collapsing {K}3 surfaces, tropical geometry and moduli
              compactifications of {S}atake, {M}organ-{S}halen type},
    SERIES = {MSJ Memoirs},
    VOLUME = {40},
 PUBLISHER = {Mathematical Society of Japan, Tokyo},
      YEAR = {2021},
     PAGES = {x+165},
      ISBN = {978-4-86497-104-1},
   MRCLASS = {14J42 (14J10 14J28 14T20 32G13 32J15)},
       DOI = {10.1142/e071},
       URL = {https://doi.org/10.1142/e071},
}

@article{odaka2021pl,
  title={P{L} density invariant for type {II} degenerating {K}3 surfaces, Moduli compactification and hyper{K}ahler metrics},
  author={Odaka, Y.},
  journal={Nagoya Mathematical Journal},
  pages={1--41},
  year={2021},
  publisher={Cambridge University Press}
}

@article{satake1960compactifications,
  title={On compactifications of the quotient spaces for arithmetically defined discontinuous groups},
  author={Satake, I.},
  journal={Annals of Mathematics},
  pages={555--580},
  year={1960},
  publisher={JSTOR}
}

@article {sterk1991compactifications,
    AUTHOR = {Sterk, H.},
     TITLE = {Compactifications of the period space of {E}nriques surfaces.
              {I}},
   JOURNAL = {Math. Z.},
  FJOURNAL = {Mathematische Zeitschrift},
    VOLUME = {207},
      YEAR = {1991},
    NUMBER = {1},
     PAGES = {1--36},
      ISSN = {0025-5874},
   MRCLASS = {14J15 (14C34 14J28)},
MRREVIEWER = {I. Dolgachev},
       DOI = {10.1007/BF02571372},
       URL = {https://doi.org/10.1007/BF02571372},
}


@article {tai1982kodaira,
    AUTHOR = {Tai, Y.-S.},
     TITLE = {On the {K}odaira dimension of the moduli space of abelian
              varieties},
   JOURNAL = {Invent. Math.},
  FJOURNAL = {Inventiones Mathematicae},
    VOLUME = {68},
      YEAR = {1982},
    NUMBER = {3},
     PAGES = {425--439},
      ISSN = {0020-9910},
   MRCLASS = {10D20 (14D20 14K05 32N05)},
MRREVIEWER = {K.-B. Gundlach},
       DOI = {10.1007/BF01389411},
       URL = {https://doi.org/10.1007/BF01389411},
}


@article {geer1982geometry,
    AUTHOR = {G. van der Geer,},
     TITLE = {On the geometry of a {S}iegel modular threefold},
   JOURNAL = {Math. Ann.},
  FJOURNAL = {Mathematische Annalen},
    VOLUME = {260},
      YEAR = {1982},
    NUMBER = {3},
     PAGES = {317--350},
      ISSN = {0025-5831},
   MRCLASS = {10D20 (14J30)},
MRREVIEWER = {F. Hirzebruch},
       DOI = {10.1007/BF01461467},
       URL = {https://doi.org/10.1007/BF01461467},
}

@article{geer2021siegel,
  title={Siegel modular forms of degree two and three and invariant theory, },
  author={G. van der Geer,},
  journal={preprint, arXiv:2102.02245},
    year={2021}
}


@article{yoshikawa2009calabi,
  title={Calabi-{Y}au threefolds of {B}orcea-{V}oisin, analytic torsion, and {B}orcherds products},
  author={Yoshikawa, K.},
  journal={Ast{\'e}risque},
  volume={328},
  year={2009}
}

@article{wang2020simple,
  title={Simple lattices and free algebras of modular forms},
  author={Wang, H. and Williams, B.},
  journal={preprint, arXiv:2009.13343},
    year={2020}
}


@article{wang2021free,
  title={Free algebras of modular forms on ball quotients},
  author={Wang, H. and Williams, B.},
  journal={preprint, arXiv:2105.14892},
  year={2021}
}

@article{zhang1991logarithmic,
  title={Logarithmic {E}nriques surfaces},
  author={Zhang, D-Q.},
  journal={Journal of Mathematics of Kyoto University},
  volume={31},
  number={2},
  pages={419--466},
  year={1991},
  publisher={Duke University Press}
}

@article{zhang2006rational,
  title={Rational connectedness of log {$\mathbb{Q}$}-{F}ano varieties},
  author={Zhang, Q.},
  year={2006},
  publisher={Walter de Gruyter}
}

@article {bruhat1984groupes2,
    AUTHOR = {Bruhat, F. and Tits, J.},
     TITLE = {Groupes r\'{e}ductifs sur un corps local. {II}. {S}ch\'{e}mas en
              groupes. {E}xistence d'une donn\'{e}e radicielle valu\'{e}e},
   JOURNAL = {Inst. Hautes \'{E}tudes Sci. Publ. Math.},
  FJOURNAL = {Institut des Hautes \'{E}tudes Scientifiques. Publications
              Math\'{e}matiques},
    NUMBER = {60},
      YEAR = {1984},
     PAGES = {197--376}
}

@inproceedings {tits1979reductive,
    AUTHOR = {Tits, J.},
     TITLE = {Reductive groups over local fields},
 BOOKTITLE = {Automorphic forms, representations and {$L$}-functions
              ({P}roc. {S}ympos. {P}ure {M}ath., {O}regon {S}tate {U}niv.,
              {C}orvallis, {O}re., 1977), {P}art 1},
    SERIES = {Proc. Sympos. Pure Math., XXXIII},
     PAGES = {29--69},
 PUBLISHER = {Amer. Math. Soc., Providence, R.I.},
      YEAR = {1979},
}
@article {gan2001exact,
    AUTHOR = {Gan, W. T. and Hanke, J. P. and Yu, J.-K.},
     TITLE = {On an exact mass formula of {S}himura},
   JOURNAL = {Duke Math. J.},
  FJOURNAL = {Duke Mathematical Journal},
    VOLUME = {107},
      YEAR = {2001},
    NUMBER = {1},
     PAGES = {103--133}

@article {jacobowitz1962hermitian,
    AUTHOR = {Jacobowitz, R.},
     TITLE = {Hermitian forms over local fields},
   JOURNAL = {Amer. J. Math.},
  FJOURNAL = {American Journal of Mathematics},
    VOLUME = {84},
      YEAR = {1962},
     PAGES = {441--465}
}

@article {cho2016group,
    AUTHOR = {Cho, S.},
     TITLE = {Group schemes and local densities of ramified hermitian
              lattices in residue characteristic 2: {P}art {I}},
   JOURNAL = {Algebra Number Theory},
  FJOURNAL = {Algebra \& Number Theory},
    VOLUME = {10},
      YEAR = {2016},
    NUMBER = {3},
     PAGES = {451--532}
}

@article {cho2018group,
    AUTHOR = {Cho, S.},
     TITLE = {Group schemes and local densities of ramified hermitian
              lattices in residue characteristic 2. {P}art {II}},
   JOURNAL = {Forum Math.},
  FJOURNAL = {Forum Mathematicum},
    VOLUME = {30},
      YEAR = {2018},
    NUMBER = {6},
     PAGES = {1487--1520}
}


@article {kudla1997intersection,
    AUTHOR = {Kudla, S. and Millson, J.},
     TITLE = {Intersection numbers of cycles on locally symmetric spaces and
              {F}ourier coefficients of holomorphic modular forms in several
              complex variables},
   JOURNAL = {Inst. Hautes \'{E}tudes Sci. Publ. Math.},
  FJOURNAL = {Institut des Hautes \'{E}tudes Scientifiques. Publications
              Math\'{e}matiques},
    NUMBER = {71},
      YEAR = {1990},
     PAGES = {121--172}
}

@book {thilmany2019lattices,
    AUTHOR = {Thilmany, F.},
     TITLE = {Lattices of {M}inimal {C}ovolume in {R}eal {S}pecial {L}inear
              {G}roups},
      NOTE = {Thesis (Ph.D.)--University of California, San Diego},
      YEAR = {2019},
     PAGES = {93}
}

@article {borel1989finiteness,
    AUTHOR = {Borel, A. and Prasad, G.},
     TITLE = {Finiteness theorems for discrete subgroups of bounded covolume
              in semi-simple groups},
   JOURNAL = {Inst. Hautes \'{E}tudes Sci. Publ. Math.},
  FJOURNAL = {Institut des Hautes \'{E}tudes Scientifiques. Publications
              Math\'{e}matiques},
    NUMBER = {69},
      YEAR = {1989},
     PAGES = {119--171}
}
@article {hijikata1963maximal,
    AUTHOR = {Hijikata, H.},
     TITLE = { Maximal compact subgroups of some $p$-adic classical groups},
   JOURNAL = {New Haven, Conn. :
Yale University, Dept. of Mathematics.},
      YEAR = {1963}
}

@article {allcock2000complex,
    AUTHOR = {Allcock, D.},
     TITLE = {New complex- and quaternion-hyperbolic reflection groups},
   JOURNAL = {Duke Math. J.},
  FJOURNAL = {Duke Mathematical Journal},
    VOLUME = {103},
      YEAR = {2000},
    NUMBER = {2},
     PAGES = {303--333}
}

@article {allcock2002complex,
    AUTHOR = {Allcock, D. and Carlson, J. A. and Toledo, D.},
     TITLE = {The complex hyperbolic geometry of the moduli space of cubic
              surfaces},
   JOURNAL = {J. Algebraic Geom.},
  FJOURNAL = {Journal of Algebraic Geometry},
    VOLUME = {11},
      YEAR = {2002},
    NUMBER = {4},
     PAGES = {659--724}
}
	
@article {allcock2011moduli,
    AUTHOR = {Allcock, D. and Carlson, J. A. and Toledo, D.},
     TITLE = {The moduli space of cubic threefolds as a ball quotient},
   JOURNAL = {Mem. Amer. Math. Soc.},
  FJOURNAL = {Memoirs of the American Mathematical Society},
    VOLUME = {209},
      YEAR = {2011},
    NUMBER = {985},
     PAGES = {xii+70}
}

@incollection {dolgachev2007moduli,
    AUTHOR = {Dolgachev, I. and Kond\={o}, S.},
     TITLE = {Moduli of {K}3 surfaces and complex ball quotients},
 BOOKTITLE = {Arithmetic and geometry around hypergeometric functions},
    SERIES = {Progr. Math.},
    VOLUME = {260},
     PAGES = {43--100},
 PUBLISHER = {Birkh\"{a}user, Basel},
      YEAR = {2007}
}

@article {prasad1989volumes,
    AUTHOR = {Prasad, G.},
     TITLE = {Volumes of {$S$}-arithmetic quotients of semi-simple groups},
      NOTE = {with an appendix by Moshe Jarden and the author},
   JOURNAL = {Inst. Hautes \'{E}tudes Sci. Publ. Math.},
  FJOURNAL = {Institut des Hautes \'{E}tudes Scientifiques. Publications
              Math\'{e}matiques},
    NUMBER = {69},
      YEAR = {1989},
     PAGES = {91--117}
}


@article {gritsenko2007hirzebruch,
    AUTHOR = {Gritsenko, V. and Hulek, K. and Sankaran, G. K.},
     TITLE = {The {H}irzebruch-{M}umford volume for the orthogonal group and
              applications},
   JOURNAL = {Doc. Math.},
  FJOURNAL = {Documenta Mathematica},
    VOLUME = {12},
      YEAR = {2007},
     PAGES = {215--241}
}

@article {gritsenko2008hirzebruch,
    AUTHOR = {Gritsenko, V. and Hulek, K. and Sankaran, G. K.},
     TITLE = {Hirzebruch-{M}umford proportionality and locally symmetric
              varieties of orthogonal type},
   JOURNAL = {Doc. Math.},
  FJOURNAL = {Documenta Mathematica},
    VOLUME = {13},
      YEAR = {2008},
     PAGES = {1--19
}


@article {prasad2012nonexistence,
    AUTHOR = {Prasad, G. and Yeung, S.-K.},
     TITLE = {Nonexistence of arithmetic fake compact {H}ermitian symmetric
              spaces of type other than {$A_n$} {$(n\leq 4)$}},
   JOURNAL = {J. Math. Soc. Japan},
  FJOURNAL = {Journal of the Mathematical Society of Japan},
    VOLUME = {64},
      YEAR = {2012},
    NUMBER = {3},
     PAGES = {683--731}
}


@article {lemaire2009comparison,
    AUTHOR = {Lemaire, B.},
     TITLE = {Comparison of lattice filtrations and {M}oy-{P}rasad
              filtrations for classical groups},
   JOURNAL = {J. Lie Theory},
  FJOURNAL = {Journal of Lie Theory},
    VOLUME = {19},
      YEAR = {2009},
    NUMBER = {1},
     PAGES = {29--54}
}

@incollection {mumford1983kodaira,
    AUTHOR = {Mumford, David},
     TITLE = {On the {K}odaira dimension of the {S}iegel modular variety},
 BOOKTITLE = {Algebraic geometry---open problems ({R}avello, 1982)},
    SERIES = {Lecture Notes in Math.},
    VOLUME = {997},
     PAGES = {348--375},
 PUBLISHER = {Springer, Berlin},
      YEAR = {1983}
}

@article {borel1972some,
    AUTHOR = {Borel, A.},
     TITLE = {Some metric properties of arithmetic quotients of symmetric
              spaces and an extension theorem},
   JOURNAL = {J. Differential Geometry},
  FJOURNAL = {Journal of Differential Geometry},
    VOLUME = {6},
      YEAR = {1972},
     PAGES = {543--560}
}

@article {dolgachev1989point,
    AUTHOR = {Dolgachev, I. and Ortland, D.},
     TITLE = {Point sets in projective spaces and theta functions},
   JOURNAL = {Ast\'{e}risque},
  FJOURNAL = {Ast\'{e}risque},
    NUMBER = {165},
      YEAR = {1988},
     PAGES = {210 pp. (1989)}
}

@article {freitag2011modular,
    AUTHOR = {Freitag, E. and Manni, R.},
     TITLE = {The modular variety of hyperelliptic curves of genus three},
   JOURNAL = {Trans. Amer. Math. Soc.},
  FJOURNAL = {Transactions of the American Mathematical Society},
    VOLUME = {363},
      YEAR = {2011},
    NUMBER = {1},
     PAGES = {281--312}
}

@article {kirwan1989moduli,
    AUTHOR = {Kirwan, F.},
     TITLE = {Moduli spaces of degree {$d$} hypersurfaces in {${\bf P}_n$}},
   JOURNAL = {Duke Math. J.},
  FJOURNAL = {Duke Mathematical Journal},
    VOLUME = {58},
      YEAR = {1989},
    NUMBER = {1},
     PAGES = {39--78}
}

@incollection {kondo2013segre,
    AUTHOR = {Kond\={o}, S.},
     TITLE = {The {S}egre cubic and {B}orcherds products},
 BOOKTITLE = {Arithmetic and geometry of {K}3 surfaces and {C}alabi-{Y}au
              threefolds},
    SERIES = {Fields Inst. Commun.},
    VOLUME = {67},
     PAGES = {549--565},
 PUBLISHER = {Springer, New York},
      YEAR = {2013}
}

@incollection {kondo2016igusa,
    AUTHOR = {Kond\={o}, S.},
     TITLE = {The {I}gusa quartic and {B}orcherds products},
 BOOKTITLE = {K3 surfaces and their moduli},
    SERIES = {Progr. Math.},
    VOLUME = {315},
     PAGES = {147--170},
 PUBLISHER = {Birkh\"{a}user/Springer, [Cham]},
      YEAR = {2016}
}

@article {kondo2022note,
    AUTHOR = {Kond\={o}, S.},
     TITLE = {Note on moduli of curves of genus 4 and {B}orcherds products},
JOURNAL = {unpublished note.}
}

@article {matsumoto2004theta,
    AUTHOR = {Matsumoto, K. and Terasoma, T.},
     TITLE = {Theta constants associated to coverings of {${\bf P}^1$}
              branching at eight points},
   JOURNAL = {Compos. Math.},
  FJOURNAL = {Compositio Mathematica},
    VOLUME = {140},
      YEAR = {2004},
    NUMBER = {5},
     PAGES = {1277--1301}
}

@book {mumford1994geometric,
    AUTHOR = {Mumford, D. and Fogarty, J. and Kirwan, F.},
     TITLE = {Geometric invariant theory},
    SERIES = {Ergebnisse der Mathematik und ihrer Grenzgebiete (2) [Results
              in Mathematics and Related Areas (2)]},
    VOLUME = {34},
   EDITION = {Third},
 PUBLISHER = {Springer-Verlag, Berlin},
      YEAR = {1994}
}


@article {naruki1982cross,
    AUTHOR = {Naruki, Isao},
     TITLE = {Cross ratio variety as a moduli space of cubic surfaces},
      NOTE = {with an appendix by Eduard Looijenga},
   JOURNAL = {Proc. London Math. Soc. (3)},
  FJOURNAL = {Proceedings of the London Mathematical Society. Third Series},
    VOLUME = {45},
      YEAR = {1982},
    NUMBER = {1},
     PAGES = {1--30}
}

@book {zhang2005geometric,
    AUTHOR = {Zhang, J.},
     TITLE = {Geometric compactification of moduli space of cubic surfaces
              and {K}irwan blowup},
      NOTE = {Thesis (Ph.D.)--Rice University},
      YEAR = {2005}
}

@article{geer2021siegel,
  title={Siegel modular forms of degree two and three and invariant theory},
  author={van der Geer, G.},
  journal={preprint, arXiv:2102.02245.}
  year={2021}
}

@article {ryzhkov1997classification,
    AUTHOR = {Ryzhkov, A. A. and Chernousov, V. I.},
     TITLE = {On the classification of maximal arithmetic subgroups of
              simply connected groups},
   JOURNAL = {Mat. Sb.},
  FJOURNAL = {Matematicheski\u{\i} Sbornik},
    VOLUME = {188},
      YEAR = {1997},
    NUMBER = {9},
     PAGES = {127--156}
}

@article {bruhat1961representations,
    AUTHOR = {Bruhat, F.},
     TITLE = {Sur les r\'{e}pr\'{e}sentations des groupes classiques {$\mathfrak{p}$}-adiques. {I}, {II}},
   JOURNAL = {Amer. J. Math.},
  FJOURNAL = {American Journal of Mathematics},
    VOLUME = {83},
      YEAR = {1961},
     PAGES = {321--338, 343--368}
}

@article {stevens2008supercuspidal,
    AUTHOR = {Stevens, S.},
     TITLE = {The supercuspidal representations of {$p$}-adic classical
              groups},
   JOURNAL = {Invent. Math.},
  FJOURNAL = {Inventiones Mathematicae},
    VOLUME = {172},
      YEAR = {2008},
    NUMBER = {2},
     PAGES = {289--352}
}

@article {wall1970classification,
    AUTHOR = {Wall, C. T. C.},
     TITLE = {On the classification of hermitian forms. {I}. {R}ings of
              algebraic integers},
   JOURNAL = {Compositio Math.},
  FJOURNAL = {Compositio Mathematica},
    VOLUME = {22},
      YEAR = {1970},
     PAGES = {425--451}
}

@article {dolgachev2008reflection,
    AUTHOR = {Dolgachev, I.},
     TITLE = {Reflection groups in algebraic geometry},
   JOURNAL = {Bull. Amer. Math. Soc. (N.S.)},
  FJOURNAL = {American Mathematical Society. Bulletin. New Series},
    VOLUME = {45},
      YEAR = {2008},
    NUMBER = {1},
     PAGES = {1--60}
}


@article {grushevsky2017intersection,
    AUTHOR = {Grushevsky, S. and Hulek, K.},
     TITLE = {The intersection cohomology of the {S}atake compactification
              of $ \mathcal{A}_g$ for {$g \leq 4$}},
   JOURNAL = {Math. Ann.},
  FJOURNAL = {Mathematische Annalen},
    VOLUME = {369},
      YEAR = {2017},
    NUMBER = {3-4},
     PAGES = {1353--1381}
}

@article {shephard1953unitary,
    AUTHOR = {Shephard, G. C.},
     TITLE = {Unitary groups generated by reflections},
   JOURNAL = {Canad. J. Math.},
  FJOURNAL = {Canadian Journal of Mathematics. Journal Canadien de
              Math\'{e}matiques},
    VOLUME = {5},
      YEAR = {1953},
     PAGES = {364--383}
}

@article{hulek2022revisiting,
  title={Revisiting the moduli space of 8 points on $\mathbb{P}^1$},
  author={Hulek, K. and Maeda, Y.},
  journal={preprint,\ arXiv:2211.00052},
  year={2022}
}

@article{atobe2018applications,
  title={Applications of Arthur's multiplicity formula to Siegel modular forms},
  author={Atobe, H.},
  journal={preprint,\ arXiv:1810.09089},
  year={2018}
}

@article {kim2016cusp,
    AUTHOR = {Kim, H. and Yamauchi, T.},
     TITLE = {Cusp forms on the exceptional group of type {$E_7$}},
   JOURNAL = {Compos. Math.},
  FJOURNAL = {Compositio Mathematica},
    VOLUME = {152},
      YEAR = {2016},
    NUMBER = {2},
     PAGES = {223--254}
}

@article {baily1970exceptional,
    AUTHOR = {Baily, W.},
     TITLE = {An exceptional arithmetic group and its {E}isenstein series},
   JOURNAL = {Ann. of Math. (2)},
  FJOURNAL = {Annals of Mathematics. Second Series},
    VOLUME = {91},
      YEAR = {1970},
     PAGES = {512--549}
}

@article{odaka2022semi-toric,
  title={Semi-toric and toroidal compactifications as log minimal models, and applications to weak K-moduli},
  author={Odaka, Y.},
  journal={preprint,\ arXiv:2203.09120},
  year={2022}
}

@article {bruinier2022special,
    AUTHOR = {Bruinier, J. and Zemel, S.},
     TITLE = {Special cycles on toroidal compactifications of orthogonal
              {S}himura varieties},
   JOURNAL = {Math. Ann.},
  FJOURNAL = {Mathematische Annalen},
    VOLUME = {384},
      YEAR = {2022},
    NUMBER = {1-2},
     PAGES = {309--371}
}

@article {garcia2019green,
    AUTHOR = {Garcia, E. and Sankaran, S.},
     TITLE = {Green forms and the arithmetic {S}iegel-{W}eil formula},
   JOURNAL = {Invent. Math.},
  FJOURNAL = {Inventiones Mathematicae},
    VOLUME = {215},
      YEAR = {2019},
    NUMBER = {3},
     PAGES = {863--975}
}

@article {funke2021construction,
    AUTHOR = {Funke, J. and Hofmann, E.},
     TITLE = {The construction of {G}reen currents and singular theta lifts
              for unitary groups},
   JOURNAL = {Trans. Amer. Math. Soc.},
  FJOURNAL = {Transactions of the American Mathematical Society},
    VOLUME = {374},
      YEAR = {2021},
    NUMBER = {4},
     PAGES = {2909--2947}
}

@article{agostini200irrationality,
  title={On the irrationality of moduli spaces of K3 surfaces},
  author={Agostini, D. and Barros, I. and Lai, K.-W.
},
  journal={preprint,\ arXiv:2011.11025},
  year={2000}
}

@article {brunebarbe2020hyperbolicity,
    AUTHOR = {Brunebarbe, Y.},
     TITLE = {A strong hyperbolicity property of locally symmetric
              varieties},
   JOURNAL = {Ann. Sci. \'{E}c. Norm. Sup\'{e}r. (4)},
  FJOURNAL = {Annales Scientifiques de l'\'{E}cole Normale Sup\'{e}rieure. Quatri\`eme
              S\'{e}rie},
    VOLUME = {53},
      YEAR = {2020},
    NUMBER = {6},
     PAGES = {1545--1560}
}


@book {hulek1993moduli,
    AUTHOR = {Hulek, K. and Kahn, C. and Weintraub, H.},
     TITLE = {Moduli spaces of abelian surfaces: compactification,
              degenerations, and theta functions},
    SERIES = {De Gruyter Expositions in Mathematics},
    VOLUME = {12},
 PUBLISHER = {Walter de Gruyter \& Co., Berlin},
      YEAR = {1993},
     PAGES = {xii+347}
}

@article {hulek1994kodaira,
    AUTHOR = {Hulek, K. and Sankaran, G.},
     TITLE = {The {K}odaira dimension of certain moduli spaces of abelian
              surfaces},
   JOURNAL = {Compositio Math.},
  FJOURNAL = {Compositio Mathematica},
    VOLUME = {90},
      YEAR = {1994},
    NUMBER = {1},
     PAGES = {1--35}
}

@article {rousseau2016hyperbolicity,
    AUTHOR = {Rousseau, E.},
     TITLE = {Hyperbolicity, automorphic forms and {S}iegel modular
              varieties},
   JOURNAL = {Ann. Sci. \'{E}c. Norm. Sup\'{e}r. (4)},
  FJOURNAL = {Annales Scientifiques de l'\'{E}cole Normale Sup\'{e}rieure. Quatri\`eme
              S\'{e}rie},
    VOLUME = {49},
      YEAR = {2016},
    NUMBER = {1},
     PAGES = {249--255}
}
